@MISC{site,
author = {Lima, Acervo},
title = {ENCONTRE O NÚMERO MÁXIMO DE CAMINHOS DISJUNTOS DE ARESTAS ENTRE DOIS VÉRTICES},
year = {2022},
howpublished={url{https://acervolima.com/encontre-o-numero-maximo-de-caminhos-disjuntos-de-arestas-entre-dois-vertices/}}
}